<?xml version="1.0" encoding="UTF-8" ?>
<record Numero="13982128" format="InterXMarc_Complet" type="Authority">
<leader>00826c1 au22000272  45  <Pos Code="0004">00826</Pos>
<Pos Code="05" Sens="notice modifiée">c</Pos>
<Pos Code="06" Sens="notice validée en catalogage courant">1</Pos>
<Pos Code="08" Sens="notice d&apos;autorité">a</Pos>
<Pos Code="09" Sens="titre uniforme musical (TUM)">u</Pos>
<Pos Code="10">2</Pos>
<Pos Code="11">2</Pos>
<Pos Code="1216">00027</Pos>
<Pos Code="17" Sens="autres cas">2</Pos>
<Pos Code="20">4</Pos>
<Pos Code="21">5</Pos>
</leader>
<controlfield tag="001">FRBNF139821286<Pos Code="0001">FR</Pos>
<Pos Code="0204">BNF</Pos>
<Pos Code="0512">13982128</Pos>
<Pos Code="13">6</Pos>
</controlfield>
<controlfield tag="008">951017071010yy    su                  1722                   1   <Pos Code="0001">95</Pos>
<Pos Code="0203">10</Pos>
<Pos Code="0405">17</Pos>
<Pos Code="0607">07</Pos>
<Pos Code="0809">10</Pos>
<Pos Code="1011">10</Pos>
<Pos Code="1213" Sens="ne s&apos;applique pas">yy</Pos>
<Pos Code="1820">su </Pos>
<Pos Code="3841">1722</Pos>
<Pos Code="61" Sens="La vedette peut être liée à une notice bibliographique sauf pour l&apos;accès matière RAMEAU">1</Pos>
</controlfield>
<datafield tag="048" ind1=" " ind2=" ">
	<subfield code="a">kc01<Pos Code="0001" Sens="clavier - clavecin">kc</Pos>
<Pos Code="02">0</Pos>
<Pos Code="03">1</Pos>
</subfield>
</datafield>
<datafield tag="100" ind1=" " ind2=" ">
	<subfield code="3">13892793</subfield>
	<subfield code="w"> 0  b     </subfield>
	<subfield code="a">Couperin</subfield>
	<subfield code="m">François</subfield>
	<subfield code="d">1668-1733</subfield>
</datafield>
<datafield tag="144" ind1="1" ind2=" ">
	<subfield code="w">....b.fre.</subfield>
	<subfield code="a">Ordres</subfield>
	<subfield code="b">Clavecin</subfield>
	<subfield code="n">No 13</subfield>
	<subfield code="t">Si mineur</subfield>
</datafield>
<datafield tag="302" ind1=" " ind2=" ">
	<subfield code="3">16647623</subfield>
	<subfield code="a">Couperin</subfield>
	<subfield code="m">François</subfield>
	<subfield code="d">1668-1733</subfield>
	<subfield code="t" Barre="3">[L&apos;âme-en-peine]</subfield>
</datafield>
<datafield tag="302" ind1=" " ind2=" ">
	<subfield code="3">14803935</subfield>
	<subfield code="a">Couperin</subfield>
	<subfield code="m">François</subfield>
	<subfield code="d">1668-1733</subfield>
	<subfield code="t" Barre="5">[Les lis naissants]</subfield>
</datafield>
<datafield tag="302" ind1=" " ind2=" ">
	<subfield code="3">14803936</subfield>
	<subfield code="a">Couperin</subfield>
	<subfield code="m">François</subfield>
	<subfield code="d">1668-1733</subfield>
	<subfield code="t" Barre="5">[Les roseaux]</subfield>
</datafield>
<datafield tag="302" ind1=" " ind2=" ">
	<subfield code="3">14803937</subfield>
	<subfield code="a">Couperin</subfield>
	<subfield code="m">François</subfield>
	<subfield code="d">1668-1733</subfield>
	<subfield code="t" Barre="3">[L&apos;engageante]</subfield>
</datafield>
<datafield tag="302" ind1=" " ind2=" ">
	<subfield code="3">13982129</subfield>
	<subfield code="a">Couperin</subfield>
	<subfield code="m">François</subfield>
	<subfield code="d">1668-1733</subfield>
	<subfield code="t" Barre="5">[Les folies françoises]</subfield>
</datafield>
<datafield tag="502" ind1=" " ind2=" ">
	<subfield code="3">14811374</subfield>
	<subfield code="a">Couperin</subfield>
	<subfield code="m">François</subfield>
	<subfield code="d">1668-1733</subfield>
	<subfield code="t">[Pièces de clavecin. Livre 3]</subfield>
</datafield>
<datafield tag="600" ind1=" " ind2=" ">
	<subfield code="a">Comprend : &quot;Les lis naissans&quot;, &quot;Les rozeaux&quot;, &quot;L&apos;engageante&quot;, &quot;Les folies françoises ou Les dominos&quot;, &quot;L&apos;âme-en-peine&quot;</subfield>
</datafield>
<datafield tag="610" ind1=" " ind2=" ">
	<subfield code="a">Cauchie, Couperin</subfield>
</datafield>
<datafield tag="917" ind1=" " ind2=" ">
	<subfield code="o">OPC</subfield>
	<subfield code="a">101136900</subfield>
</datafield>
<Alter Ori="13892793">
<datafield tag="400" ind1=" " ind2=" ">
	<subfield code="w">    b     </subfield>
	<subfield code="a">Couperin le grand</subfield>
	<subfield code="d">1668-1733</subfield>
</datafield>
</Alter>
<Attr Nom="IDPerenne">ark:/12148/cb13982128x</Attr>
<Attr Nom="NumSource">OPC 101136900</Attr>
<Attr Nom="Source" Sens="BnF catalogue général (depuis 1999)">A</Attr>
<Attr Nom="NumAutoriteLiee">138927931480393514803936148039371398212914811374</Attr>
<Attr Nom="DateCreation">17/10/ 1995</Attr>
<Attr Nom="ResponsableCreation">MIGV2</Attr>
<Attr Nom="StructCreation">1</Attr>
<Attr Nom="DateDerniereValidation">08/11/ 2010</Attr>
<Attr Nom="ResponsableDerniereValidation">MIGV4</Attr>
<Attr Nom="StructPremiereValidation">1</Attr>
<Attr Nom="DatePremiereValidation">17/10/ 1995</Attr>
<Attr Nom="ResponsablePremiereValidation">MIGV2</Attr>
<Attr Nom="StructDerniereValidation">1</Attr>
<Attr Nom="NumSource">OPL 004544298</Attr>
</record>
